<record><leader>00000cas a2200000 a 4500</leader><controlfield tag="001">41410042</controlfield><controlfield tag="008">990521c19959999azuwr ne      0    0eng d</controlfield><datafield ind1=" " ind2=" " tag="010"><subfield code="a">sn 99068127 </subfield></datafield><datafield ind1=" " ind2=" " tag="040"><subfield code="a">ANN</subfield><subfield code="b">eng</subfield><subfield code="c">ANN</subfield><subfield code="d">OCLCQ</subfield><subfield code="d">OCLCO</subfield></datafield><datafield ind1="1" ind2=" " tag="029"><subfield code="a">AU@</subfield><subfield code="b">000020123981</subfield></datafield><datafield ind1=" " ind2=" " tag="042"><subfield code="a">msc</subfield></datafield><datafield ind1=" " ind2=" " tag="043"><subfield code="a">n-us-az</subfield></datafield><datafield ind1="0" ind2="0" tag="245"><subfield code="a">Sonoran news.</subfield></datafield><datafield ind1=" " ind2=" " tag="260"><subfield code="a">Cave Creek, Ariz. :</subfield><subfield code="b">Conestoga Merchants, Inc.</subfield></datafield><datafield ind1=" " ind2=" " tag="300"><subfield code="a">v. :</subfield><subfield code="b">ill.</subfield></datafield><datafield ind1=" " ind2=" " tag="310"><subfield code="a">Weekly</subfield></datafield><datafield ind1="0" ind2=" " tag="362"><subfield code="a">Vol. 1, no. 1 (Feb. 2, 1995)-</subfield></datafield><datafield ind1=" " ind2=" " tag="500"><subfield code="a">"Serving North Scottsdale, North Phoenix, Desert Mountain, Pinnacle Peak, Terravita, Troon, Tatum Ranch, The Boulders, Carefree, and Cave Creek."</subfield></datafield><datafield ind1=" " ind2=" " tag="588"><subfield code="a">Description based on: Vol. 3, no. 39 (Sept. 24/30, 1997).</subfield></datafield><datafield ind1=" " ind2=" " tag="588"><subfield code="a">Latest issue consulted: Vol. 3, no. 39 (Sept. 24/30, 1997).</subfield></datafield><datafield ind1=" " ind2="0" tag="650"><subfield code="a">Cave Creek (Ariz.)</subfield><subfield code="v">Newspapers.</subfield></datafield><datafield ind1=" " ind2="0" tag="651"><subfield code="a">Maricopa County (Ariz.)</subfield><subfield code="v">Newspapers.</subfield></datafield><datafield ind1=" " ind2=" " tag="752"><subfield code="a">United States</subfield><subfield code="b">Arizona</subfield><subfield code="c">Maricopa</subfield><subfield code="d">Cave Creek.</subfield></datafield></record>